[gd_scene load_steps=12 format=2]

[ext_resource path="res://scripts/background.gd" type="Script" id=1]
[ext_resource path="res://sprites/leaf.png" type="Texture" id=2]
[ext_resource path="res://sprites/nebula.png" type="Texture" id=3]

[sub_resource type="ParticlesMaterial" id=1]
emission_shape = 2
emission_box_extents = Vector3( 50, 50, 15 )
flag_align_y = true
flag_rotate_y = true
spread = 0.0
gravity = Vector3( 0, 0, -2 )
initial_velocity = 2.0
initial_velocity_random = 0.61
angular_velocity = 0.5
angular_velocity_random = 0.23
radial_accel = 2.0
radial_accel_random = 1.0
angle = 10.0
angle_random = 1.0
scale_random = 0.2
hue_variation = 0.21
hue_variation_random = 1.0

[sub_resource type="SpatialMaterial" id=2]
flags_transparent = true
flags_unshaded = true
vertex_color_use_as_albedo = true
params_cull_mode = 2
albedo_color = Color( 0.772549, 0.305882, 0, 1 )
albedo_texture = ExtResource( 2 )

[sub_resource type="QuadMesh" id=3]
material = SubResource( 2 )

[sub_resource type="Gradient" id=4]
offsets = PoolRealArray( 0, 0.153846, 0.861538, 1 )
colors = PoolColorArray( 1, 1, 1, 0, 1, 1, 1, 0.501961, 1, 1, 1, 0.501961, 1, 1, 1, 0 )

[sub_resource type="GradientTexture" id=5]
gradient = SubResource( 4 )

[sub_resource type="ParticlesMaterial" id=6]
emission_shape = 2
emission_box_extents = Vector3( 50, 50, 15 )
spread = 0.0
gravity = Vector3( 0, 0, 0 )
initial_velocity = -0.5
initial_velocity_random = 0.61
angular_velocity = 4.2039e-45
angle = 720.0
angle_random = 1.0
scale = 15.0
color_ramp = SubResource( 5 )

[sub_resource type="SpatialMaterial" id=7]
flags_transparent = true
flags_unshaded = true
vertex_color_use_as_albedo = true
params_blend_mode = 1
params_billboard_mode = 3
particles_anim_h_frames = 1
particles_anim_v_frames = 1
particles_anim_loop = false
albedo_texture = ExtResource( 3 )

[sub_resource type="QuadMesh" id=8]
material = SubResource( 7 )

[node name="Spatial" type="Spatial"]
script = ExtResource( 1 )

[node name="Leaves" type="Particles" parent="."]
transform = Transform( 1, 0, 0, 0, 1, 0, 0, 0, 1, 0, -63.2109, 26.4991 )
amount = 1000
lifetime = 200.0
preprocess = 200.0
randomness = 1.0
visibility_aabb = AABB( -25, -25, -50, 50, 50, 100 )
process_material = SubResource( 1 )
draw_pass_1 = SubResource( 3 )

[node name="Clouds" type="Particles" parent="."]
transform = Transform( 1, 0, 0, 0, 1, 0, 0, 0, 1, 0, -62.9878, 26.3088 )
amount = 500
lifetime = 500.0
preprocess = 500.0
randomness = 1.0
visibility_aabb = AABB( -25, -25, -50, 50, 50, 100 )
process_material = SubResource( 6 )
draw_pass_1 = SubResource( 8 )
